<record><leader>00000cas a2200000 a 4500</leader><controlfield tag="001">36842822</controlfield><controlfield tag="008">970502c19799999fluwr ne      0    0eng c</controlfield><datafield ind1=" " ind2=" " tag="010"><subfield code="a">sn 97027741 </subfield></datafield><datafield ind1=" " ind2=" " tag="040"><subfield code="a">FUG</subfield><subfield code="b">eng</subfield><subfield code="c">FUG</subfield><subfield code="d">OCLCQ</subfield><subfield code="d">OCLCF</subfield><subfield code="d">OCLCO</subfield></datafield><datafield ind1="1" ind2=" " tag="029"><subfield code="a">AU@</subfield><subfield code="b">000013250310</subfield></datafield><datafield ind1=" " ind2=" " tag="032"><subfield code="a">681690</subfield><subfield code="b">USPS</subfield></datafield><datafield ind1=" " ind2=" " tag="037"><subfield code="b">2301 CR 951, #C, Naples, FL 34116</subfield></datafield><datafield ind1=" " ind2=" " tag="042"><subfield code="a">pcc</subfield></datafield><datafield ind1=" " ind2=" " tag="043"><subfield code="a">n-us-fl</subfield></datafield><datafield ind1="0" ind2="0" tag="245"><subfield code="a">Everglades echo.</subfield></datafield><datafield ind1=" " ind2=" " tag="260"><subfield code="a">Everglades City, Fla. :</subfield><subfield code="b">[s.n.,</subfield><subfield code="c">1979]-</subfield></datafield><datafield ind1=" " ind2=" " tag="300"><subfield code="a">v. :</subfield><subfield code="b">ill. ;</subfield><subfield code="c">39-44 cm.</subfield></datafield><datafield ind1=" " ind2=" " tag="310"><subfield code="a">Weekly</subfield></datafield><datafield ind1="1" ind2=" " tag="362"><subfield code="a">Began in 1979.</subfield></datafield><datafield ind1=" " ind2=" " tag="500"><subfield code="a">"Serving: Everglades City-Chokoloskee-Ochopee-Copeland."</subfield></datafield><datafield ind1=" " ind2=" " tag="500"><subfield code="a">Published at: Everglades, City, &lt;1980&gt;-1990; at: Naples, 1990-1992; at Golden Gate, 1992-&lt;1997&gt;.</subfield></datafield><datafield ind1=" " ind2=" " tag="500"><subfield code="a">Publisher: Tuff Pub. Inc., 1988-&lt;1997&gt;.</subfield></datafield><datafield ind1=" " ind2=" " tag="588"><subfield code="a">Description based on: Vol. 1, no. 11 (Jan. 3, 1980).</subfield></datafield><datafield ind1=" " ind2=" " tag="588"><subfield code="a">Latest issue consulted: Vol. 18, no. 30 (Apr. 29, 1997).</subfield></datafield><datafield ind1=" " ind2="0" tag="651"><subfield code="a">Everglades City (Fla.)</subfield><subfield code="v">Newspapers.</subfield></datafield><datafield ind1=" " ind2="0" tag="651"><subfield code="a">Naples (Fla.)</subfield><subfield code="v">Newspapers.</subfield></datafield><datafield ind1=" " ind2="0" tag="651"><subfield code="a">Golden Gate (Collier County, Fla.)</subfield><subfield code="v">Newspapers.</subfield></datafield><datafield ind1=" " ind2="0" tag="651"><subfield code="a">Collier County (Fla.)</subfield><subfield code="v">Newspapers.</subfield></datafield><datafield ind1=" " ind2="7" tag="655"><subfield code="a">Newspapers.</subfield><subfield code="2">fast</subfield><subfield code="0">(OCoLC)fst01423814</subfield></datafield><datafield ind1=" " ind2="7" tag="651"><subfield code="a">Florida</subfield><subfield code="z">Collier County.</subfield><subfield code="2">fast</subfield><subfield code="0">(OCoLC)fst01215459</subfield></datafield><datafield ind1=" " ind2="7" tag="651"><subfield code="a">Florida</subfield><subfield code="z">Everglades City.</subfield><subfield code="2">fast</subfield><subfield code="0">(OCoLC)fst01225056</subfield></datafield><datafield ind1=" " ind2="7" tag="651"><subfield code="a">Florida</subfield><subfield code="z">Golden Gate (Collier County)</subfield><subfield code="2">fast</subfield><subfield code="0">(OCoLC)fst01315631</subfield></datafield><datafield ind1=" " ind2="7" tag="651"><subfield code="a">Florida</subfield><subfield code="z">Naples.</subfield><subfield code="2">fast</subfield><subfield code="0">(OCoLC)fst01213255</subfield></datafield><datafield ind1=" " ind2=" " tag="752"><subfield code="a">United States</subfield><subfield code="b">Florida</subfield><subfield code="c">Collier</subfield><subfield code="d">Golden Gate.</subfield></datafield><datafield ind1=" " ind2=" " tag="752"><subfield code="a">United States</subfield><subfield code="b">Florida</subfield><subfield code="c">Collier</subfield><subfield code="d">Everglades City.</subfield></datafield><datafield ind1=" " ind2=" " tag="752"><subfield code="a">United States</subfield><subfield code="b">Florida</subfield><subfield code="c">Collier</subfield><subfield code="d">Naples.</subfield></datafield></record>